@inproceedings{krizhevsky_imagenet,
  author    = {Alex Krizhevsky and
               Ilya Sutskever and
               Geoffrey E. Hinton},
  title     = {ImageNet Classification with Deep Convolutional Neural Networks},
  booktitle = {NIPS},
  year      = {2012},
}

@inproceedings{graves_speech,
  author    = {A. Graves and
               N. Jaitly and
               A.{-}r. Mohamed},
  title     = {Hybrid speech recognition with Deep Bidirectional {LSTM}},
  booktitle = {{IEEE} Workshop on Automatic Speech Recognition and Understanding},
  year      = {2013}
}

@inproceedings{russ_dbm,
  author    = {Ruslan Salakhutdinov and
               Geoffrey E. Hinton},
  title     = {Deep Boltzmann Machines},
  booktitle = {AISTATS},
  year      = {2009}
}

@inproceedings{kingma_vae,
  author    = {Diederik P. Kingma and
               Max Welling},
  title     = {Auto-Encoding Variational Bayes},
  booktitle = {ICLR},
  year      = {2014}
}

@inproceedings{gregor_draw,
  author    = {Karol Gregor and Ivo Danihelka and Alex Graves and Daan Wierstra},
  title     = {{DRAW:} {A} Recurrent Neural Network For Image Generation},
  booktitle = {ICML},
  year      = {2015},
}

@inproceedings{ilya_mt,
  author = {Ilya Sutskever and Oriol Vinyals and Quoc V. Le},
  title = {Sequence to Sequence Learning with Neural Networks},
  booktitle = {NIPS},
  year = {2014}
}

@inproceedings{nitish_video,
  author    = {Nitish Srivastava and Elman Mansimov and Ruslan Salakhutdinov},
  title     = {Unsupervised Learning of Video Representations using {LSTM}s},
  booktitle = {ICML},
  year      = {2015}
}

@inproceedings{cho_mt,
  author    = {Kyunghyun Cho and Bart van Merrienboer and {\c{C}}aglar G{\"{u}}l{\c{c}}ehre and
               Dzmitry Bahdanau and Fethi Bougares and Holger Schwenk and Yoshua Bengio},
  title     = {Learning Phrase Representations using {RNN} Encoder-Decoder for Statistical Machine Translation},
  booktitle = {EMNLP},
  year      = {2014}
}

@article{hinton_dbn,
  author    = {Geoffrey E. Hinton and
               Simon Osindero and
               Yee Whye Teh},
  title     = {A Fast Learning Algorithm for Deep Belief Nets},
  journal   = {Neural Computation},
  year      = {2006},
}

@inproceedings{goodfellow_gan,
  author    = {Ian J. Goodfellow and
               Jean Pouget{-}Abadie and
               Mehdi Mirza and
               Bing Xu and
               David Warde{-}Farley and
               Sherjil Ozair and
               Aaron C. Courville and
               Yoshua Bengio},
  title     = {Generative Adversarial Nets},
  booktitle = {NIPS},
  year      = {2014}
}

@inproceedings{gutmann_nce,
  author    = {Michael Gutmann and
               Aapo Hyv{\"{a}}rinen},
  title     = {Noise-contrastive estimation: {A} new estimation principle for unnormalized
               statistical models},
  booktitle = {AISTATS},
  year      = {2010}
}

@inproceedings{denton_lapgan,
  author    = {Emily L. Denton and
               Soumith Chintala and
               Arthur Szlam and
               Robert Fergus},
  title     = {Deep Generative Image Models using a Laplacian Pyramid of Adversarial
               Networks},
  booktitle = {NIPS},
  year      = {2015}
}

@article{smolensky_rbm,
  author    = {Paul Smolensky},
  title     = {Information processing in dynamical systems: foundations of harmony theory},
  journal   = {Parallel Distributed Processing: Explorations in the Microstructure of Cognition},
  year      = {1986},
}

@article{krizhevsky_cifar,
  author    = {Alex Krizhevsky},
  title     = {Learning multiple layers of features from tiny images},
  journal   = {Master's Thesis, Department of Computer Science, University of Toronto},
  year      = {2009},
}

@inproceedings{bachman_sdm,
  author    = {Philip Bachman and
               Doina Precup},
  title     = {Data Generation as Sequential Decision Making},
  booktitle = {NIPS},
  year      = {2015}
}

@inproceedings{karpathy_captions,
  author    = {Andrej Karpathy and
               Fei{-}Fei Li},
  title     = {Deep Visual-Semantic Alignments for Generating Image Descriptions},
  booktitle = {CVPR},
  year      = {2015}
}

@inproceedings{xu_captions,
  author    = {Kelvin Xu and
               Jimmy Ba and
               Ryan Kiros and
               Kyunghyun Cho and
               Aaron C. Courville and
               Ruslan Salakhutdinov and
               Richard S. Zemel and
               Yoshua Bengio},
  title     = {Show, Attend and Tell: Neural Image Caption Generation with Visual
               Attention},
  booktitle = {ICML},
  year      = {2015}
}


@inproceedings{kiros_icml14,
  author    = {R. Kiros and  R. Salakhutdinov and R. Zemel},
  title     = {Multimodal Neural Language Models},
  booktitle = {ICML},
  year      = {2014}
}


@article{kiros_captions,
  author    = {Ryan Kiros and
               Ruslan Salakhutdinov and
               Richard S. Zemel},
  title     = {Unifying Visual-Semantic Embeddings with Multimodal Neural Language
               Models},
  journal   = {CoRR},
  volume    = {abs/1411.2539},
  year      = {2014}
}


@inproceedings{russ_binarizedmnist,
  author    = {Ruslan Salakhutdinov and
               Iain Murray},
  title     = {On the quantitative analysis of deep belief networks},
  booktitle = {ICML},
  year      = {2008}
}

@inproceedings{mscoco,
  author    = {Lin, T.Y. and Maire, M. and Belongie, S. and Hays, J. and Perona, P. and Ramanan, D. and Doll{\'a}r, P. and Zitnick, C. L.},
  title     = {Microsoft {COCO}: Common Objects in Context},
  booktitle = {ECCV},
  year      = {2014}
}

@inproceedings{bahdanau_mt,
  author    = {D. Bahdanau and
               K. Cho and
               Y. Bengio},
  title     = {Neural Machine Translation by Jointly Learning to Align and Translate},
  booktitle = {ICLR},
  year      = {2015}
}

@inproceedings{vinyals_captions,
  author    = {Oriol Vinyals and
               Alexander Toshev and
               Samy Bengio and
               Dumitru Erhan},
  title     = {Show and tell: {A} neural image caption generator},
  booktitle = {CVPR},
  year      = {2015}
}

@inproceedings{kiros_skipthought,
  author    = {Ryan Kiros and
               Yukun Zhu and
               Ruslan Salakhutdinov and
               Richard S. Zemel and
               Antonio Torralba and
               Raquel Urtasun and
               Sanja Fidler},
  title     = {Skip-Thought Vectors},
  booktitle = {NIPS},
  year      = {2015}
}

@inproceedings{simonyan_convnet,
  author    = {Karen Simonyan and
               Andrew Zisserman},
  title     = {Very Deep Convolutional Networks for Large-Scale Image Recognition},
  booktitle = {ICLR},
  year      = {2015}
}

@article{wang_ssi,
  author    = {Zhou Wang and
               Alan C. Bovik and
               Hamid R. Sheikh and
               Eero P. Simoncelli},
  title     = {Image quality assessment: from error visibility to structural similarity},
  journal   = {{IEEE} Transactions on Image Processing},
  year      = {2004}
}

@article{theano,
  author    = {Fr{\'{e}}d{\'{e}}ric Bastien and
               Pascal Lamblin and
               Razvan Pascanu and
               James Bergstra and
               Ian J. Goodfellow and
               Arnaud Bergeron and
               Nicolas Bouchard and
               David Warde{-}Farley and
               Yoshua Bengio},
  title     = {Theano: new features and speed improvements},
  journal   = {CoRR},
  volume    = {abs/1211.5590},
  year      = {2012}
}

@article{gers_forget,
  author    = {Felix Gers and
               J{\"u}rgen Schmidhuber and
               Fred Cummins},
  title     = {Learning to forget: Continual prediction with LSTM},
  journal   = {Neural Computation},
  year      = {2000}
}

@article{hochreiter_lstm,
  author    = {Sepp Hochreiter and
               J{\"u}rgen Schmidhuber},
  title     = {Long short-term memory},
  journal   = {Neural Computation},
  year      = {1997}
}
